Ticker,Date,Revenue,NetIncome,EBITDA,TotalDebt,TotalAssets,TotalEquity,SharesOutstanding,EPS,BookValuePerShare
AAPL,2023-12-31,,,,,,,15552799744,,
AAPL,2024-06-30,85777000000.0,21448000000.0,28202000000.0,101304000000.0,331612000000.0,66708000000.0,15334099968,1.3987126759809057,4.350304232997681
AAPL,2024-09-30,94930000000.0,14736000000.0,32502000000.0,106629000000.0,364980000000.0,56950000000.0,15204100096,0.9692122458386636,3.7457001493289823
AAPL,2024-12-31,124300000000.0,36330000000.0,45912000000.0,96799000000.0,344085000000.0,66758000000.0,15115799552,2.4034454727334027,4.416438559557845
AAPL,2025-03-31,95359000000.0,24780000000.0,32250000000.0,98186000000.0,331233000000.0,66796000000.0,15022100480,1.6495695813638973,4.446515325132481
AAPL,2025-06-30,94036000000.0,23434000000.0,31032000000.0,101698000000.0,331495000000.0,65830000000.0,14977399808,1.5646240536012803,4.395288958290189
ABBV,2023-12-31,,,,,,,1765539968,,
ABBV,2024-03-31,,,,,,,1770649984,,
ABBV,2024-06-30,14462000000.0,1370000000.0,5003000000.0,70634000000.0,141937000000.0,6778000000.0,1788440064,0.766030703279973,3.7898949684902608
ABBV,2024-09-30,14460000000.0,1561000000.0,4883000000.0,71079000000.0,143422000000.0,6032000000.0,1766339968,0.8837483317367815,3.4149711319899203
ABBV,2024-12-31,15102000000.0,-22000000.0,535000000.0,67144000000.0,135161000000.0,3325000000.0,1767139968,-0.0124494948891337,1.881571386653171
ABBV,2025-03-31,13343000000.0,1286000000.0,4400000000.0,69889000000.0,136165000000.0,1420000000.0,1768979968,0.7269726188329567,0.8027224873583193
ABBV,2025-06-30,15423000000.0,938000000.0,4344000000.0,70481000000.0,137182000000.0,-183000000.0,1766400000,0.5310235507246377,-0.1036005434782608
ABT,2023-12-31,,,,,,,1736060032,,
ABT,2024-06-30,10377000000.0,1302000000.0,2552000000.0,14754000000.0,73017000000.0,39318000000.0,1739629952,0.7484350326936656,22.6013583836018
ABT,2024-09-30,10635000000.0,1646000000.0,2883000000.0,14979000000.0,74356000000.0,39796000000.0,1739900032,0.9460313637145792,22.8725784631746
ABT,2024-12-31,10974000000.0,9229000000.0,2973000000.0,15021000000.0,81414000000.0,47664000000.0,1734460032,5.320964351861179,27.480598642010104
ABT,2025-03-31,10358000000.0,1325000000.0,2665000000.0,13242000000.0,81448000000.0,48811000000.0,1734320000,0.7639881913372388,28.144171779141104
ABT,2025-06-30,11142000000.0,1779000000.0,3048000000.0,13437000000.0,83999000000.0,50565000000.0,1788390016,0.9947494584984308,28.274033934217623
ACN,2023-11-30,,,,,,,628120000,,
ACN,2024-02-29,,,,,,,626992000,,
ACN,2024-05-31,16466828000.0,1932183000.0,2936933000.0,4601543000.0,54141319000.0,27744489000.0,628729024,3.073156998077442,44.12789602663547
ACN,2024-08-31,16405819000.0,1684301000.0,2662666000.0,4120549000.0,55932363000.0,28288646000.0,626384000,2.688927239520805,45.16182724973818
ACN,2024-11-30,17689545000.0,2278894000.0,3203710000.0,8146397000.0,59868070000.0,29190495000.0,624856000,3.647070685085844,46.71555526393281
ACN,2025-02-28,16659301000.0,1788075000.0,2714304000.0,8060330000.0,59869756000.0,29246053000.0,625480000,2.8587244995843193,46.75777482893138
ACN,2025-05-31,17727871000.0,2197501000.0,3310745000.0,8165258000.0,63362028000.0,30554725000.0,626025984,3.51023928105834,48.80743895767751
ADBE,2023-11-30,,,,,,,455300000,,
ADBE,2024-02-29,,,,,,,452000000,,
ADBE,2024-05-31,5309000000.0,1573000000.0,2185000000.0,6090000000.0,30007000000.0,14843000000.0,480152992,3.2760391504547783,30.913063642848236
ADBE,2024-08-31,5408000000.0,1684000000.0,2306000000.0,6078000000.0,29830000000.0,14545000000.0,449159008,3.749229048079116,32.382741392108514
ADBE,2024-11-30,5606000000.0,1683000000.0,2259000000.0,6056000000.0,30230000000.0,14105000000.0,440200000,3.823262153566561,32.04225352112676
ADBE,2025-02-28,5714000000.0,1811000000.0,2461000000.0,6563000000.0,29955000000.0,13095000000.0,437183008,4.142429982091161,29.953131206782857
ADBE,2025-05-31,5873000000.0,1691000000.0,2378000000.0,6563000000.0,28107000000.0,11448000000.0,426200000,3.967620835288597,26.86062881276396
AIG,2023-12-31,,,,,,,702040000,,
AIG,2024-03-31,,,,,,,680953984,,
AIG,2024-06-30,6569000000.0,-3977000000.0,,9940000000.0,167890000000.0,44445000000.0,663667968,-5.992454347291928,66.9687285555418
AIG,2024-09-30,6755000000.0,459000000.0,,10054000000.0,169449000000.0,45039000000.0,643950976,0.7127871796253011,69.94165965826566
AIG,2024-12-31,7173000000.0,898000000.0,,8922000000.0,161322000000.0,42521000000.0,623769024,1.4396354507017008,68.16786080098777
AIG,2025-03-31,6774000000.0,698000000.0,,8753000000.0,161864000000.0,41431000000.0,593332992,1.1764051711454468,69.82756826035387
AIG,2025-06-30,7041000000.0,1144000000.0,,9258000000.0,165971000000.0,41501000000.0,578918976,1.9760969106668216,71.6870610922935
AMD,2023-12-31,,,,,,,1615500032,,
AMD,2024-03-31,,,,,,,1616140032,,
AMD,2024-06-30,5835000000.0,265000000.0,1093000000.0,2245000000.0,67886000000.0,56538000000.0,1616310016,0.1639536953782015,34.979675582236816
AMD,2024-09-30,6819000000.0,771000000.0,1598000000.0,2238000000.0,69636000000.0,56985000000.0,1621149952,0.4755883310170187,35.15097411544074
AMD,2024-12-31,7658000000.0,482000000.0,1694000000.0,2212000000.0,69226000000.0,57568000000.0,1622809984,0.2970156732779874,35.47427028893606
AMD,2025-03-31,7438000000.0,709000000.0,1587000000.0,4731000000.0,71550000000.0,57881000000.0,1620480000,0.4375246840442338,35.71842910742496
AMD,2025-06-30,7685000000.0,872000000.0,721000000.0,3886000000.0,74820000000.0,59665000000.0,1643229952,0.5306621869560469,36.30958645038135
AMGN,2023-12-31,,,,,,,535177984,,
AMGN,2024-06-30,8388000000.0,746000000.0,3002000000.0,62645000000.0,90907000000.0,5925000000.0,536435008,1.3906624080731136,11.04514043945469
AMGN,2024-09-30,8503000000.0,2830000000.0,5273000000.0,60398000000.0,90883000000.0,7527000000.0,538096000,5.259284588623592,13.988210282180132
AMGN,2024-12-31,9086000000.0,627000000.0,2926000000.0,60099000000.0,91839000000.0,5877000000.0,537532992,1.166440031275327,10.933282398413231
AMGN,2025-03-31,8149000000.0,1730000000.0,4083000000.0,57381000000.0,89367000000.0,6207000000.0,537204992,3.220372159162661,11.5542485502443
AMGN,2025-06-30,9179000000.0,1432000000.0,3603000000.0,56204000000.0,87897000000.0,7428000000.0,541548032,2.644271450330005,13.716234869449217
AMT,2023-12-31,,,,,,,466164992,,
AMT,2024-06-30,2544700000.0,900300000.0,1771700000.0,47389500000.0,65837800000.0,3856000000.0,466975008,1.9279404348765492,8.257401218353852
AMT,2024-09-30,2522300000.0,-792300000.0,1420100000.0,44781300000.0,62816800000.0,3641700000.0,470022016,-1.6856657199649132,7.747934939285908
AMT,2024-12-31,2547600000.0,1229600000.0,2127800000.0,43954100000.0,61077400000.0,3382200000.0,467288992,2.631348097324749,7.237919270308854
AMT,2025-03-31,2562800000.0,488700000.0,1435300000.0,44383600000.0,62055600000.0,3534800000.0,467456992,1.0454437699372352,7.561765168762306
AMT,2025-06-30,2626900000.0,366800000.0,1364700000.0,45213200000.0,63754500000.0,3712800000.0,473948992,0.7739229456996081,7.833754396928858
AMZN,2023-12-31,,,,,,,10334000128,,
AMZN,2024-03-31,,,,,,,10387399680,,
AMZN,2024-06-30,147977000000.0,13485000000.0,27872000000.0,132973000000.0,554818000000.0,236447000000.0,10406599680,1.2958123128264698,22.72087014689509
AMZN,2024-09-30,158877000000.0,15328000000.0,32082000000.0,134692000000.0,584626000000.0,259151000000.0,10587899904,1.447690301096371,24.47614752214416
AMZN,2024-12-31,187792000000.0,20004000000.0,38550000000.0,130900000000.0,624894000000.0,285970000000.0,10515000320,1.9024250490940544,27.196385287413857
AMZN,2025-03-31,155667000000.0,17127000000.0,36482000000.0,133245000000.0,643256000000.0,305867000000.0,10597699584,1.6161054447946126,28.861640922694793
AMZN,2025-06-30,167702000000.0,18164000000.0,36600000000.0,133939000000.0,682170000000.0,333775000000.0,10616399872,1.7109378149843677,31.43956558007087
AVGO,2024-01-31,,,,,,,468140992,,
AVGO,2024-04-30,12487000000.0,2121000000.0,5582000000.0,74016000000.0,175211000000.0,69961000000.0,465308000,4.5582710806605515,150.3541740094733
AVGO,2024-07-31,13072000000.0,-1875000000.0,6394000000.0,69959000000.0,167966000000.0,65651000000.0,4869810176,-0.3850252745457321,13.481223626240991
AVGO,2024-10-31,14054000000.0,4324000000.0,7290000000.0,67566000000.0,165645000000.0,67678000000.0,4741179904,0.9120092651097172,14.274505791881465
AVGO,2025-01-31,14916000000.0,5503000000.0,8537000000.0,66579000000.0,165358000000.0,69789000000.0,4687360000,1.174008397050792,14.888764677771707
AVGO,2025-04-30,15004000000.0,4965000000.0,8020000000.0,67282000000.0,164630000000.0,69586000000.0,4733920256,1.048813611447535,14.699444907590772
AXP,2023-12-31,,,,,,,728745984,,
AXP,2024-03-31,,,,,,,720038976,,
AXP,2024-06-30,16333000000.0,3015000000.0,,53160000000.0,272219000000.0,29540000000.0,719302976,4.1915578005338325,41.06753480191357
AXP,2024-09-30,16636000000.0,2507000000.0,,55003000000.0,270979000000.0,29707000000.0,710912000,3.5264561577241627,41.78716915736406
AXP,2024-12-31,17179000000.0,2170000000.0,,51089000000.0,271461000000.0,30264000000.0,704444992,3.080439245992965,42.96148080218022
AXP,2025-03-31,16967000000.0,2584000000.0,,52795000000.0,282244000000.0,31202000000.0,711368000,3.6324377818513063,43.86196736428965
AXP,2025-06-30,17856000000.0,2885000000.0,,59695000000.0,295556000000.0,32311000000.0,700588992,4.117963646222977,46.119765467282704
BA,2023-12-31,,,,,,,604977024,,
BA,2024-03-31,,,,,,,610134976,,
BA,2024-06-30,16866000000.0,-1439000000.0,-401000000.0,57927000000.0,142720000000.0,-17976000000.0,613884032,-2.3440909438739075,-29.28240361853882
BA,2024-09-30,17840000000.0,-6170000000.0,-5052000000.0,57650000000.0,137695000000.0,-23552000000.0,616222976,-10.012609461676416,-38.219931611248455
BA,2024-12-31,15242000000.0,-3865000000.0,-2829000000.0,54188000000.0,156363000000.0,-3908000000.0,748176000,-5.165896794337161,-5.223369902268985
BA,2025-03-31,19496000000.0,-37000000.0,1250000000.0,53618000000.0,156494000000.0,-3325000000.0,769432000,-0.0480874203308414,-4.321369529731022
BA,2025-06-30,22749000000.0,-611000000.0,609000000.0,53323000000.0,155120000000.0,-3295000000.0,754006016,-0.8103383620748194,-4.369991657997594
BAC,2023-12-31,,,,,,,7913730048,,
BAC,2024-03-31,,,,,,,7890639872,,
BAC,2024-06-30,25377000000.0,6897000000.0,,330903000000.0,3257996000000.0,293892000000.0,7820369920,0.8819275904534194,37.58031947419695
BAC,2024-09-30,25345000000.0,6896000000.0,,335367000000.0,3324293000000.0,296512000000.0,7759580160,0.8887078756590872,38.212376686111845
BAC,2024-12-31,25347000000.0,6665000000.0,,326670000000.0,3261519000000.0,295559000000.0,7672880128,0.8686438324088985,38.51995535828082
BAC,2025-03-31,27366000000.0,7396000000.0,,345616000000.0,3349424000000.0,295581000000.0,7602800128,0.9727994785449658,38.87791274578144
BAC,2025-06-30,26463000000.0,7116000000.0,,361309000000.0,3441142000000.0,299599000000.0,7586220032,0.9380165576510396,39.49252707359385
BK,2023-12-31,,,,,,,769073024,,
BK,2024-03-31,,,,,,,752870976,,
BK,2024-06-30,4509000000.0,1168000000.0,,31528000000.0,428539000000.0,40843000000.0,747816000,1.5618815323555526,54.61637622088856
BK,2024-09-30,4558000000.0,1182000000.0,,33901000000.0,427461000000.0,41992000000.0,737958016,1.6017171361683535,56.90296614380838
BK,2024-12-31,4760000000.0,1155000000.0,,31380000000.0,416064000000.0,41318000000.0,727078016,1.5885502993945564,56.82746430336301
BK,2025-03-31,4687000000.0,1220000000.0,,32743000000.0,440691000000.0,43119000000.0,717974016,1.6992258393930513,60.05649095802375
BK,2025-06-30,4925000000.0,1423000000.0,,36083000000.0,485781000000.0,43950000000.0,715433984,1.98900252409592,61.4312445073898
BKNG,2023-12-31,,,,,,,34889900,,
BKNG,2024-03-31,,,,,,,34600700,,
BKNG,2024-06-30,5859000000.0,1521000000.0,2367000000.0,17337000000.0,28541000000.0,-4276000000.0,33927500,44.83088939650726,-126.0334536880112
BKNG,2024-09-30,7994000000.0,2517000000.0,3364000000.0,16720000000.0,27978000000.0,-3653000000.0,33810800,74.44366888686456,-108.04240065304576
BKNG,2024-12-31,5471000000.0,1068000000.0,2274000000.0,17081000000.0,27708000000.0,-4020000000.0,33096700,32.26907818604272,-121.4622605879136
BKNG,2025-03-31,4762000000.0,333000000.0,1229000000.0,16500000000.0,27191000000.0,-6112000000.0,32815200,10.147736414832153,-186.2551500524147
BKNG,2025-06-30,6798000000.0,895000000.0,1716000000.0,18989000000.0,30684000000.0,-6657000000.0,32540300,27.504356136851843,-204.57709363466225
BLK,2023-12-31,,,,,,,148762000,,
BLK,2024-03-31,,,,,,,148942000,,
BLK,2024-06-30,4805000000.0,1495000000.0,2248000000.0,11678000000.0,125271000000.0,40102000000.0,149802000,9.97984005553998,267.7000307072002
BLK,2024-09-30,5197000000.0,1631000000.0,2529000000.0,14179000000.0,132816000000.0,41178000000.0,148128000,11.010747461654786,277.9893065456902
BLK,2024-12-31,5677000000.0,1670000000.0,2469000000.0,14222000000.0,138615000000.0,47495000000.0,154879008,10.782610384488,306.65873066542366
BLK,2025-03-31,5276000000.0,1510000000.0,2123000000.0,14259000000.0,141942000000.0,48036000000.0,155252992,9.726060545100475,309.40466512877254
BLK,2025-06-30,5423000000.0,1593000000.0,2642000000.0,14710000000.0,146470000000.0,49141000000.0,154926000,10.282328337399791,317.19014239056065
BMY,2023-12-31,,,,,,,2034759936,,
BMY,2024-03-31,,,,,,,2022189952,,
BMY,2024-06-30,12201000000.0,1680000000.0,4403000000.0,54004000000.0,94646000000.0,17015000000.0,2075449984,0.8094630142626458,8.198222135523165
BMY,2024-09-30,11892000000.0,1211000000.0,4773000000.0,51400000000.0,93670000000.0,17142000000.0,2027399936,0.5973167792385685,8.455164516686658
BMY,2024-12-31,12342000000.0,72000000.0,2551000000.0,51200000000.0,92603000000.0,16335000000.0,2028179968,0.0354998082694799,8.054019001138267
BMY,2025-03-31,11201000000.0,2456000000.0,4477000000.0,51239000000.0,92427000000.0,17389000000.0,2034759936,1.2070219963285145,8.545971292409012
BMY,2025-06-30,12269000000.0,1310000000.0,3269000000.0,50929000000.0,94676000000.0,17435000000.0,2037720064,0.6428753503209359,8.556131093775205
BRK-B,2023-12-31,,,,,,,2178240000,,
BRK-B,2024-03-31,,,,,,,2162210048,,
BRK-B,2024-06-30,117510000000.0,30348000000.0,,123628000000.0,1108860000000.0,601697000000.0,2158020096,14.062890357810645,278.81899761511767
BRK-B,2024-09-30,113509000000.0,26251000000.0,,124507000000.0,1147251000000.0,629069000000.0,2141949952,12.255655168548028,293.68986862303683
BRK-B,2024-12-31,101468000000.0,19694000000.0,,124762000000.0,1153881000000.0,649368000000.0,2156270080,9.133364221238928,301.153369433202
BRK-B,2025-03-31,83290000000.0,4603000000.0,,125927000000.0,1164532000000.0,654471000000.0,2158149888,2.132845371674203,303.2555818477053
BRK-B,2025-06-30,98879000000.0,12370000000.0,,127020000000.0,1163968000000.0,667989000000.0,2159640064,5.72780631652516,309.305708453462
C,2023-12-31,,,,,,,1913880064,,
C,2024-03-31,,,,,,,1915280000,,
C,2024-06-30,20037000000.0,3217000000.0,,319015000000.0,2405686000000.0,208310000000.0,1907440000,1.686553705490081,109.20920186218176
C,2024-09-30,20265000000.0,3238000000.0,,340421000000.0,2430663000000.0,209083000000.0,1907800064,1.697242840641817,109.59376925568654
C,2024-12-31,19586000000.0,2856000000.0,,335805000000.0,2352945000000.0,208598000000.0,1891260032,1.5101043493103332,110.29577978201571
C,2025-03-31,21601000000.0,4064000000.0,,344823000000.0,2571514000000.0,212408000000.0,1882160000,2.159221320185319,112.85331746504016
C,2025-06-30,21661000000.0,4019000000.0,,373321000000.0,2622772000000.0,213222000000.0,1867730048,2.1518098958163785,114.16103747344113
CAT,2023-12-31,,,,,,,509084992,,
CAT,2024-03-31,,,,,,,499376992,,
CAT,2024-06-30,16689000000.0,2681000000.0,4168000000.0,37311000000.0,83336000000.0,17130000000.0,496492000,5.399885597351015,34.50206649855385
CAT,2024-09-30,16106000000.0,2464000000.0,3766000000.0,37901000000.0,86273000000.0,19397000000.0,484897984,5.081481221419143,40.00222859247854
CAT,2024-12-31,16215000000.0,2791000000.0,3905000000.0,38409000000.0,87764000000.0,19491000000.0,482801984,5.7808378848749715,40.37058803801436
CAT,2025-03-31,14249000000.0,2003000000.0,3226000000.0,38588000000.0,84974000000.0,18067000000.0,477932000,4.190972774369576,37.80244888394165
CAT,2025-06-30,16569000000.0,2179000000.0,3498000000.0,40748000000.0,90325000000.0,18661000000.0,476574016,4.572217382493635,39.156561989313325
CHTR,2023-12-31,,,,,,,147920000,,
CHTR,2024-03-31,,,,,,,144386000,,
CHTR,2024-06-30,13685000000.0,1231000000.0,5348000000.0,97565000000.0,148611000000.0,12879000000.0,144030000,8.54683052141915,89.4188710685274
CHTR,2024-09-30,13795000000.0,1280000000.0,5336000000.0,96313000000.0,149371000000.0,14099000000.0,142740992,8.967290909677859,98.773308230897
CHTR,2024-12-31,13926000000.0,1466000000.0,5488000000.0,95763000000.0,150020000000.0,15587000000.0,142184000,10.310583469307376,109.62555561807235
CHTR,2025-03-31,13735000000.0,1217000000.0,5276000000.0,95557000000.0,150954000000.0,16247000000.0,142014000,8.569577647274212,114.40421366907488
CHTR,2025-06-30,13766000000.0,1301000000.0,5348000000.0,96283000000.0,151589000000.0,16209000000.0,138134000,9.418390837882056,117.34258039295176
CL,2023-12-31,,,,,,,823372032,,
CL,2024-03-31,,,,,,,821985984,,
CL,2024-06-30,5058000000.0,731000000.0,1249000000.0,8676000000.0,16480000000.0,123000000.0,820441024,0.8909842129005973,0.1499193682445601
CL,2024-09-30,5033000000.0,737000000.0,1215000000.0,8436000000.0,16774000000.0,435000000.0,817086976,0.901984760065494,0.5323790646248167
CL,2024-12-31,4945000000.0,739000000.0,1191000000.0,8512000000.0,16046000000.0,212000000.0,817011008,0.9045165765991736,0.259482427928315
CL,2025-03-31,4911000000.0,690000000.0,1167000000.0,8269000000.0,16647000000.0,363000000.0,811084032,0.8507133327462671,0.4475491880969492
CL,2025-06-30,5110000000.0,743000000.0,1229000000.0,8758000000.0,17470000000.0,702000000.0,810419968,0.9168086045974624,0.8662175510463237
CMCSA,2023-12-31,,,,,,,4025080064,,
CMCSA,2024-03-31,,,,,,,3971859968,,
CMCSA,2024-06-30,29688000000.0,3929000000.0,9741000000.0,98128000000.0,262555000000.0,83219000000.0,3923630080,1.0013686101621486,21.209695690782347
CMCSA,2024-09-30,32070000000.0,3629000000.0,9734000000.0,101364000000.0,269871000000.0,85774000000.0,3863059968,0.9394107339935552,22.20364185658947
CMCSA,2024-12-31,31914000000.0,4777000000.0,8476000000.0,99093000000.0,266211000000.0,85560000000.0,3826540032,1.2483862601858702,22.35962495740068
CMCSA,2025-03-31,29887000000.0,3375000000.0,9391000000.0,99122000000.0,267770000000.0,86638000000.0,3771579904,0.8948504568127003,22.971275222915175
CMCSA,2025-06-30,30313000000.0,11123000000.0,19906000000.0,101528000000.0,273850000000.0,96851000000.0,3733700096,2.979082334951414,25.93968382831785
COF,2023-12-31,,,,,,,380847008,,
COF,2024-03-31,,,,,,,380392000,,
COF,2024-06-30,9506000000.0,597000000.0,,47241000000.0,480018000000.0,57981000000.0,389729984,1.5318297911612568,148.7722330340383
COF,2024-09-30,10014000000.0,1777000000.0,,48816000000.0,486433000000.0,62925000000.0,381856000,4.6535866923657085,164.7872496438448
COF,2024-12-31,10190000000.0,1096000000.0,,44989000000.0,490144000000.0,60784000000.0,381510016,2.8727948259161824,159.3247816592055
COF,2025-03-31,10000000000.0,1404000000.0,,41200000000.0,493604000000.0,63542000000.0,382959008,3.666188732137096,165.92376383009642
COF,2025-06-30,12577000000.0,-4277000000.0,,51924000000.0,658968000000.0,110956000000.0,639635008,-6.686625882740927,173.46767861711535
COP,2023-12-31,,,,,,,1187410048,,
COP,2024-03-31,,,,,,,1176409984,,
COP,2024-06-30,13620000000.0,2329000000.0,6300000000.0,18352000000.0,95994000000.0,49745000000.0,1180269952,1.9732773812071087,42.147137538921264
COP,2024-09-30,13041000000.0,2059000000.0,5894000000.0,18304000000.0,96699000000.0,49881000000.0,1161250048,1.7730892700897438,42.954573036108066
COP,2024-12-31,14236000000.0,2306000000.0,5908000000.0,24324000000.0,122780000000.0,64796000000.0,1293560064,1.7826771745482706,50.091218647888006
COP,2025-03-31,16517000000.0,2849000000.0,7572000000.0,23784000000.0,124254000000.0,65238000000.0,1272380032,2.2391109011053705,51.27241732759289
COP,2025-06-30,14004000000.0,1971000000.0,6206000000.0,23529000000.0,122599000000.0,65572000000.0,1272489984,1.5489316417283483,51.53046454155823
COST,2023-11-30,,,,,,,442740992,,
COST,2024-02-29,,,,,,,443728000,,
COST,2024-05-31,58515000000.0,1681000000.0,2841000000.0,9297000000.0,67911000000.0,21771000000.0,443504000,3.7902702117681017,49.08862152314297
COST,2024-08-31,79697000000.0,2354000000.0,3868000000.0,8272000000.0,69831000000.0,23622000000.0,443335008,5.309754378792482,53.28250549525744
COST,2024-11-30,62151000000.0,1798000000.0,2891000000.0,8033000000.0,73386000000.0,24451000000.0,443073984,4.058013029264205,55.18491467104509
COST,2025-02-28,63723000000.0,1788000000.0,3010000000.0,8039000000.0,73224000000.0,25577000000.0,443899008,4.027943220814767,57.61896183376918
COST,2025-05-31,63205000000.0,1903000000.0,3167000000.0,8180000000.0,75482000000.0,27125000000.0,443519008,4.290684199943016,61.158596386471
CRM,2024-01-31,,,,,,,968000000,,
CRM,2024-04-30,9133000000.0,1533000000.0,2596000000.0,12516000000.0,96180000000.0,59683000000.0,970000000,1.5804123711340206,61.52886597938144
CRM,2024-07-31,9325000000.0,1429000000.0,2789000000.0,11393000000.0,92180000000.0,57633000000.0,969000000,1.474716202270382,59.476780185758514
CRM,2024-10-31,9444000000.0,1527000000.0,2763000000.0,11424000000.0,91395000000.0,58525000000.0,956000000,1.5972803347280335,61.21861924686193
CRM,2025-01-31,9993000000.0,1708000000.0,2995000000.0,11392000000.0,102928000000.0,61173000000.0,957000000,1.7847439916405434,63.92163009404389
CRM,2025-04-30,9829000000.0,1541000000.0,2821000000.0,11369000000.0,98610000000.0,60666000000.0,959473984,1.6060883626835265,63.22839494520364
CSCO,2024-01-31,,,,,,,4063480064,,
CSCO,2024-04-30,12702000000.0,1886000000.0,3453000000.0,31993000000.0,122998000000.0,45768000000.0,4055970048,0.4649935718657457,11.284106997429188
CSCO,2024-07-31,13642000000.0,2162000000.0,3637000000.0,30962000000.0,124413000000.0,45457000000.0,4028809984,0.5366348893559533,11.282984350348553
CSCO,2024-10-31,13841000000.0,2711000000.0,3474000000.0,31987000000.0,123333000000.0,45277000000.0,3986020096,0.680127027638548,11.358949255031552
CSCO,2025-01-31,13991000000.0,2428000000.0,4052000000.0,31037000000.0,121375000000.0,45530000000.0,3993410048,0.6080016754643074,11.401283477714133
CSCO,2025-04-30,14149000000.0,2491000000.0,3976000000.0,29279000000.0,119782000000.0,45935000000.0,3978289920,0.6261484331438569,11.546418416886016
CVS,2023-12-31,,,,,,,1286899968,,
CVS,2024-03-31,,,,,,,1258450048,,
CVS,2024-06-30,91234000000.0,1770000000.0,4220000000.0,83822000000.0,252481000000.0,74930000000.0,1255369984,1.409942903334544,59.687582907829025
CVS,2024-09-30,95428000000.0,87000000.0,2018000000.0,82704000000.0,252427000000.0,74944000000.0,1257980032,0.0691584904266588,59.57487248891404
CVS,2024-12-31,97710000000.0,1644000000.0,4031000000.0,82920000000.0,253215000000.0,75560000000.0,1258409984,1.306410486965749,60.04402457124816
CVS,2025-03-31,94588000000.0,1779000000.0,4556000000.0,81213000000.0,255585000000.0,76929000000.0,1260800000,1.4110088832487309,61.016021573604064
CVS,2025-06-30,98915000000.0,1021000000.0,3581000000.0,82724000000.0,258343000000.0,77379000000.0,1265020032,0.8071018435856674,61.16820132694942
CVX,2023-12-31,,,,,,,1887750016,,
CVX,2024-03-31,,,,,,,1857270016,,
CVX,2024-06-30,49574000000.0,4434000000.0,11334000000.0,23184000000.0,260644000000.0,159233000000.0,1828800000,2.424540682414698,87.06966316710411
CVX,2024-09-30,48926000000.0,4487000000.0,10883000000.0,25841000000.0,259232000000.0,156202000000.0,1814749952,2.472516941000586,86.07356612840952
CVX,2024-12-31,48334000000.0,3239000000.0,10349000000.0,24541000000.0,256938000000.0,152318000000.0,1782919936,1.8166828103715813,85.43176669039164
CVX,2025-03-31,46101000000.0,3500000000.0,10030000000.0,29681000000.0,256397000000.0,149244000000.0,1760600064,1.9879585781953033,84.76882572690853
CVX,2025-06-30,44375000000.0,2490000000.0,8830000000.0,29467000000.0,250820000000.0,146417000000.0,1732230016,1.4374534426725925,84.52514888184457
DE,2024-01-31,,,,,,,279990016,,
DE,2024-04-30,14997000000.0,2370000000.0,4478000000.0,65907000000.0,105628000000.0,22684000000.0,278358016,8.514215017253177,81.4921744520553
DE,2024-07-31,12848000000.0,1734000000.0,3748000000.0,66113000000.0,107841000000.0,23062000000.0,275569984,6.292412456648399,83.68835990497426
DE,2024-10-31,10827000000.0,1245000000.0,2909000000.0,65463000000.0,107320000000.0,22836000000.0,273600000,4.550438596491228,83.46491228070175
DE,2025-01-31,8262000000.0,869000000.0,2273000000.0,64655000000.0,103119000000.0,22479000000.0,272351008,3.1907353909995444,82.53687094853711
DE,2025-04-30,12525000000.0,1804000000.0,3676000000.0,66601000000.0,106303000000.0,24287000000.0,271414016,6.646672219020553,89.48321961383158
DHR,2023-12-31,,,,,,,738926976,,
DHR,2024-03-31,,,,,,,740544000,,
DHR,2024-06-30,5743000000.0,907000000.0,1728000000.0,17010000000.0,78555000000.0,49897000000.0,740686976,1.2245388799708017,67.36583957431432
DHR,2024-09-30,5798000000.0,818000000.0,1655000000.0,17524000000.0,80615000000.0,51299000000.0,726120000,1.1265355588607944,70.64810224205365
DHR,2024-12-31,6538000000.0,1086000000.0,1971000000.0,17146000000.0,77542000000.0,49543000000.0,722275008,1.5035824138608431,68.59298667578985
DHR,2025-03-31,5741000000.0,954000000.0,1792000000.0,16477000000.0,79116000000.0,50849000000.0,715449984,1.333426544601055,71.07275300463212
DHR,2025-06-30,5936000000.0,555000000.0,1337000000.0,17355000000.0,81620000000.0,52334000000.0,725244992,0.7652586451779319,72.16044312926465
DIS,2023-12-31,,,,,,,1830320000,,
DIS,2024-03-31,,,,,,,1834300032,,
DIS,2024-06-30,23155000000.0,2621000000.0,4822000000.0,47584000000.0,197772000000.0,100622000000.0,1823040000,1.4377084430401963,55.19461997542566
DIS,2024-09-30,22574000000.0,460000000.0,2765000000.0,48743000000.0,196219000000.0,100696000000.0,1813590016,0.2536405670199719,55.52302290574586
DIS,2024-12-31,24690000000.0,2554000000.0,5423000000.0,45308000000.0,197046000000.0,101933000000.0,1810940032,1.4103172688602863,56.28734149049945
DIS,2025-03-31,23621000000.0,3275000000.0,4882000000.0,42889000000.0,195833000000.0,104339000000.0,1807789952,1.8116042720432155,57.716329203272394
DIS,2025-06-30,23650000000.0,5262000000.0,4981000000.0,42263000000.0,196612000000.0,109145000000.0,1797750016,2.9269920473748448,60.71200057216409
DUK,2023-12-31,,,,,,,770712000,,
DUK,2024-03-31,,,,,,,771459968,,
DUK,2024-06-30,7172000000.0,900000000.0,3461000000.0,83374000000.0,181575000000.0,49707000000.0,771769024,1.166152011822646,64.40657561296474
DUK,2024-09-30,8154000000.0,1281000000.0,4017000000.0,85024000000.0,183566000000.0,49133000000.0,772201984,1.6588923967333395,63.62713515120935
DUK,2024-12-31,7360000000.0,1205000000.0,3836000000.0,85230000000.0,186343000000.0,50126000000.0,772481984,1.5599069298165018,64.88953922322155
DUK,2025-03-31,8249000000.0,1379000000.0,4177000000.0,87481000000.0,187476000000.0,50670000000.0,777022016,1.774724488630191,65.21050749738345
DUK,2025-06-30,7508000000.0,984000000.0,3992000000.0,88453000000.0,189713000000.0,50891000000.0,777257024,1.265990489138378,65.4751239662004
EMR,2023-12-31,,,,,,,571523968,,
EMR,2024-03-31,,,,,,,571699968,,
EMR,2024-06-30,4380000000.0,329000000.0,928000000.0,10766000000.0,45585000000.0,20799000000.0,574956992,0.5722167128632815,36.174879668216995
EMR,2024-09-30,4619000000.0,996000000.0,1271000000.0,8198000000.0,44246000000.0,21636000000.0,576078976,1.7289296112066412,37.55735046994668
EMR,2024-12-31,4175000000.0,585000000.0,1210000000.0,7623000000.0,42610000000.0,20490000000.0,569574976,1.0270816392045987,35.97419279880723
EMR,2025-03-31,4432000000.0,485000000.0,1099000000.0,14851000000.0,41978000000.0,19249000000.0,563900032,0.86008152593969,34.13548307796514
EMR,2025-06-30,4553000000.0,586000000.0,1201000000.0,14869000000.0,42517000000.0,19870000000.0,562499968,1.0417778370433617,35.32444645401296
FDX,2023-11-30,,,,,,,251420000,,
FDX,2024-02-29,,,,,,,249892992,,
FDX,2024-05-31,22109000000.0,1474000000.0,3317000000.0,37719000000.0,87007000000.0,27582000000.0,246080992,5.989897830060763,112.08504881189684
FDX,2024-08-31,21579000000.0,794000000.0,2286000000.0,37765000000.0,86711000000.0,27176000000.0,244963008,3.2413057240054792,110.93919944026814
FDX,2024-11-30,21967000000.0,741000000.0,2441000000.0,37274000000.0,85481000000.0,26460000000.0,244904992,3.0256631110238863,108.04189732482055
FDX,2025-02-28,22160000000.0,909000000.0,2537000000.0,37031000000.0,85043000000.0,26708000000.0,240851008,3.7741174826222856,110.89013171163477
FDX,2025-05-31,22220000000.0,1648000000.0,3230000000.0,37416000000.0,87627000000.0,28074000000.0,239599008,6.878158694212957,117.17076892071272
GD,2023-12-31,,,,,,,272896992,,
GD,2024-03-31,,,,,,,274368000,,
GD,2024-06-30,11976000000.0,905000000.0,1373000000.0,11119000000.0,55442000000.0,22036000000.0,274364000,3.2985377090288814,80.31665962006677
GD,2024-09-30,11671000000.0,930000000.0,1399000000.0,11167000000.0,57312000000.0,22973000000.0,275107008,3.3805027605839832,83.50568808483425
GD,2024-12-31,13338000000.0,1148000000.0,1800000000.0,10676000000.0,55880000000.0,22063000000.0,274968992,4.175016214191889,80.23813826978716
GD,2025-03-31,12223000000.0,994000000.0,1491000000.0,11507000000.0,56580000000.0,22225000000.0,270351008,3.6767016603836744,82.20794205435328
GD,2025-06-30,13041000000.0,1014000000.0,1528000000.0,10619000000.0,56888000000.0,23580000000.0,268996000,3.7695727817514015,87.65929604901189
GE,2023-12-31,,,,,,,1088390016,,
GE,2024-03-31,,,,,,,1093270016,,
GE,2024-06-30,9093000000.0,1266000000.0,1978000000.0,19673000000.0,123190000000.0,18598000000.0,1094610048,1.1565762641345678,16.99052556111745
GE,2024-09-30,9842000000.0,1852000000.0,2457000000.0,19922000000.0,126698000000.0,18874000000.0,1084310016,1.7079986098735809,17.40646099500754
GE,2024-12-31,10811000000.0,1899000000.0,2815000000.0,19273000000.0,123140000000.0,19342000000.0,1082290048,1.754612826302178,17.87136455309991
GE,2025-03-31,9934000000.0,1978000000.0,2754000000.0,19571000000.0,124123000000.0,19251000000.0,1074300032,1.8411988653836324,17.919575003791863
GE,2025-06-30,11022000000.0,2028000000.0,2858000000.0,18887000000.0,125256000000.0,19135000000.0,1066390016,1.9017432361257216,17.943716382280908
GILD,2023-12-31,,,,,,,1246040064,,
GILD,2024-03-31,,,,,,,1245769984,,
GILD,2024-06-30,6953000000.0,1614000000.0,2984000000.0,23350000000.0,53579000000.0,18281000000.0,1245849984,1.2955010801685736,14.673516261810216
GILD,2024-09-30,7545000000.0,1253000000.0,1884000000.0,23249000000.0,54525000000.0,18474000000.0,1244989952,1.0064338254193397,14.83867397509727
GILD,2024-12-31,7569000000.0,1783000000.0,3109000000.0,26711000000.0,58995000000.0,19330000000.0,1246269952,1.4306691717461868,15.5102832809051
GILD,2025-03-31,6667000000.0,1315000000.0,2605000000.0,24952000000.0,56434000000.0,19162000000.0,1246630016,1.0548438455054816,15.371040127434249
GILD,2025-06-30,7081000000.0,1960000000.0,3374000000.0,24946000000.0,55721000000.0,19675000000.0,1243929984,1.5756513832855723,15.816806615379408
GM,2023-12-31,,,,,,,1369479936,,
GM,2024-03-31,,,,,,,1154429952,,
GM,2024-06-30,47968000000.0,2933000000.0,7335000000.0,126436000000.0,282956000000.0,68633000000.0,1145149952,2.5612366265898423,59.93363566066848
GM,2024-09-30,48756000000.0,3056000000.0,6795000000.0,127851000000.0,289289000000.0,70935000000.0,1165030016,2.6231083817843883,60.88684327940955
GM,2024-12-31,47702000000.0,-2961000000.0,891000000.0,130693000000.0,279761000000.0,63072000000.0,1099600000,-2.6927973808657693,57.3590396507821
GM,2025-03-31,44020000000.0,2784000000.0,6658000000.0,132678000000.0,282104000000.0,64372000000.0,995001984,2.79798437065227,64.6953483863606
GM,2025-06-30,47122000000.0,1895000000.0,5614000000.0,135731000000.0,289384000000.0,66363000000.0,961435008,1.9710120644993196,69.02494650995692
GOOG,2023-12-31,,,,,,,12455300096,,
GOOG,2024-03-31,,,,,,,12386700288,,
GOOG,2024-06-30,84742000000.0,23619000000.0,31326000000.0,27801000000.0,414770000000.0,300753000000.0,12312800256,1.9182476373309567,24.4260439337058
GOOG,2024-09-30,88268000000.0,26301000000.0,35745000000.0,26922000000.0,430266000000.0,314119000000.0,12116200448,2.170730016631696,25.9255367512388
GOOG,2024-12-31,96469000000.0,26536000000.0,36501000000.0,25461000000.0,450256000000.0,325084000000.0,12190499840,2.1767770270525677,26.666995141029428
GOOG,2025-03-31,90234000000.0,34540000000.0,46310000000.0,23564000000.0,475374000000.0,345267000000.0,12115800064,2.850822877362398,28.49725137227223
GOOG,2025-06-30,96428000000.0,28196000000.0,39192000000.0,35559000000.0,502053000000.0,362916000000.0,12144499712,2.32170947084296,29.883157693305563
GOOGL,2023-12-31,,,,,,,12567600128,,
GOOGL,2024-03-31,,,,,,,12472099840,,
GOOGL,2024-06-30,84742000000.0,23619000000.0,31326000000.0,27801000000.0,414770000000.0,300753000000.0,12395899904,1.9053880866187416,24.262296592355575
GOOGL,2024-09-30,88268000000.0,26301000000.0,35745000000.0,26922000000.0,430266000000.0,314119000000.0,12214099968,2.1533309919606514,25.71773612652325
GOOGL,2024-12-31,96469000000.0,26536000000.0,36501000000.0,25461000000.0,450256000000.0,325084000000.0,12282999808,2.160384304713326,26.466173172800232
GOOGL,2025-03-31,90234000000.0,34540000000.0,46310000000.0,23564000000.0,475374000000.0,345267000000.0,12251599872,2.819223641064075,28.181380685560804
GOOGL,2025-06-30,96428000000.0,28196000000.0,39192000000.0,35559000000.0,502053000000.0,362916000000.0,11822799872,2.384883471365927,30.696282093000313
GS,2023-12-31,,,,,,,326112000,,
GS,2024-03-31,,,,,,,326033984,,
GS,2024-06-30,12731000000.0,3043000000.0,,336646000000.0,1653313000000.0,119463000000.0,322463008,9.436741345537532,370.4704013677128
GS,2024-09-30,12699000000.0,2990000000.0,,351304000000.0,1728080000000.0,121200000000.0,317968000,9.403461983595834,381.1704322447542
GS,2024-12-31,13869000000.0,4111000000.0,,342555000000.0,1675972000000.0,121996000000.0,313910016,13.096109682591331,388.63366500545175
GS,2025-03-31,15062000000.0,4738000000.0,,360740000000.0,1766181000000.0,124300000000.0,319131008,14.846567338263789,389.4952132009686
GS,2025-06-30,14583000000.0,3723000000.0,,372977000000.0,1785009000000.0,124096000000.0,306840992,12.133320179071772,404.4309699011793
HD,2024-01-31,,,,,,,995262016,,
HD,2024-04-30,36418000000.0,3600000000.0,5973000000.0,51011000000.0,79230000000.0,1820000000.0,991030976,3.6325807035117337,1.8364713556642651
HD,2024-07-31,43175000000.0,4561000000.0,7538000000.0,64612000000.0,96846000000.0,4420000000.0,991614016,4.599571936667744,4.457379513280296
HD,2024-10-31,40217000000.0,3648000000.0,6443000000.0,63378000000.0,97264000000.0,5786000000.0,993292992,3.6726323747182943,5.825068782927646
HD,2025-01-31,39704000000.0,2997000000.0,5534000000.0,62290000000.0,96119000000.0,6640000000.0,993363008,3.017023963912294,6.684364070863408
HD,2025-04-30,39856000000.0,3433000000.0,6151000000.0,61291000000.0,99157000000.0,7955000000.0,993928000,3.453972521148413,8.00359784612165
HON,2023-12-31,,,,,,,659251008,,
HON,2024-03-31,,,,,,,652182016,,
HON,2024-06-30,9577000000.0,1544000000.0,2533000000.0,27932000000.0,69329000000.0,16947000000.0,651185984,2.3710584041071745,26.02482304041728
HON,2024-09-30,9728000000.0,1413000000.0,2478000000.0,30829000000.0,73492000000.0,17406000000.0,649670976,2.174947091987683,26.79202341340242
HON,2024-12-31,10088000000.0,1285000000.0,2212000000.0,32225000000.0,75196000000.0,18619000000.0,650246976,1.9761722044517436,28.63373562232453
HON,2025-03-31,9822000000.0,1449000000.0,2544000000.0,32832000000.0,75218000000.0,17463000000.0,649918976,2.229508682633079,26.86950319173324
HON,2025-06-30,10352000000.0,1570000000.0,2605000000.0,36512000000.0,78419000000.0,16095000000.0,643257024,2.4407040132063913,25.02110260672412
IBM,2023-12-31,,,,,,,913118976,,
IBM,2024-03-31,,,,,,,916745024,,
IBM,2024-06-30,15769000000.0,1834000000.0,3801000000.0,59839000000.0,133848000000.0,24026000000.0,918603008,1.996509900389963,26.154932860833828
IBM,2024-09-30,14967000000.0,-330000000.0,895000000.0,60126000000.0,134339000000.0,24448000000.0,921148032,-0.3582486077547197,26.540793825416326
IBM,2024-12-31,17553000000.0,2914000000.0,4843000000.0,58396000000.0,137175000000.0,27307000000.0,924644992,3.1514797843624724,29.53241539862252
IBM,2025-03-31,14541000000.0,1055000000.0,2790000000.0,66835000000.0,145667000000.0,26880000000.0,927264000,1.1377558063291575,28.988508127135315
IBM,2025-06-30,16977000000.0,2194000000.0,4372000000.0,67719000000.0,148585000000.0,27509000000.0,929396992,2.3606704335018978,29.598761602189477
INTC,2023-12-31,,,,,,,4216000000,,
INTC,2024-03-31,,,,,,,4228000000,,
INTC,2024-06-30,12833000000.0,-1610000000.0,859000000.0,53029000000.0,206205000000.0,115229000000.0,4258259968,-0.3780887057386911,27.060113958735176
INTC,2024-09-30,13284000000.0,-16639000000.0,-5226000000.0,50236000000.0,193542000000.0,99532000000.0,4358020096,-3.8180181902493,22.83881161799948
INTC,2024-12-31,14260000000.0,-126000000.0,3480000000.0,50011000000.0,196485000000.0,99270000000.0,4312999936,-0.0292140046069316,23.016462201032596
INTC,2025-03-31,12667000000.0,-821000000.0,2387000000.0,50151000000.0,192242000000.0,99756000000.0,4360589824,-0.1882772820046832,22.87672173405503
INTC,2025-06-30,12859000000.0,-2918000000.0,471000000.0,50757000000.0,192520000000.0,97883000000.0,4418469888,-0.6604096155379299,22.15314407049321
INTU,2024-01-31,,,,,,,279985984,,
INTU,2024-04-30,6737000000.0,2389000000.0,3330000000.0,6498000000.0,31560000000.0,18757000000.0,280263008,8.52413601441115,66.92642077116363
INTU,2024-07-31,3184000000.0,-20000000.0,128000000.0,6567000000.0,32132000000.0,18436000000.0,279547008,-0.0715443178701451,65.94955221269977
INTU,2024-10-31,3283000000.0,197000000.0,474000000.0,6781000000.0,33193000000.0,18136000000.0,280292000,0.7028384684543262,64.70395159333837
INTU,2025-01-31,3963000000.0,471000000.0,830000000.0,6892000000.0,31682000000.0,17949000000.0,279916992,1.68264168829022,64.12258102573495
INTU,2025-04-30,7754000000.0,2820000000.0,3953000000.0,7087000000.0,36593000000.0,20125000000.0,280433984,10.055842590033595,71.76377025688869
ISRG,2023-12-31,,,,,,,352072000,,
ISRG,2024-03-31,,,,,,,354448992,,
ISRG,2024-06-30,2009900000.0,526900000.0,679100000.0,,16649900000.0,14708300000.0,354705984,1.4854556273851869,41.46617385513293
ISRG,2024-09-30,2038100000.0,565100000.0,693500000.0,,17743400000.0,15583300000.0,355353984,1.5902452918608618,43.852892331720696
ISRG,2024-12-31,2413500000.0,685700000.0,859600000.0,,18743200000.0,16433700000.0,356179008,1.9251555667199791,46.13887857197918
ISRG,2025-03-31,2253400000.0,698400000.0,719000000.0,,19220400000.0,17106400000.0,358275008,1.9493405468014111,47.74656232789757
ISRG,2025-06-30,2440000000.0,658400000.0,898700000.0,,20163200000.0,17845700000.0,358417984,1.8369613953299844,49.79019133147069
JNJ,2023-12-31,,,,,,,2407280128,,
JNJ,2024-03-31,,,,,,,2409779968,,
JNJ,2024-06-30,22447000000.0,4686000000.0,7800000000.0,41491000000.0,181088000000.0,71538000000.0,2423520000,1.9335511982570808,29.518221429986134
JNJ,2024-09-30,22471000000.0,2694000000.0,5377000000.0,35751000000.0,178287000000.0,70158000000.0,2407239936,1.1191240057592664,29.14458129029644
JNJ,2024-12-31,22520000000.0,3431000000.0,5920000000.0,36634000000.0,180104000000.0,71490000000.0,2407620096,1.4250587149111418,29.693222829786514
JNJ,2025-03-31,21893000000.0,10999000000.0,15607000000.0,52252000000.0,193671000000.0,78109000000.0,2409850112,4.564184280686084,32.412389306310516
JNJ,2025-06-30,23743000000.0,5537000000.0,8742000000.0,50761000000.0,193389000000.0,78473000000.0,2406070016,2.301263040219026,32.61459536844999
JPM,2023-12-31,,,,,,,2891010048,,
JPM,2024-03-31,,,,,,,2880369920,,
JPM,2024-06-30,42068000000.0,18149000000.0,,441336000000.0,4143003000000.0,340552000000.0,2871670016,6.320015844048845,118.59022732506044
JPM,2024-09-30,42656000000.0,12898000000.0,,460795000000.0,4210048000000.0,345836000000.0,2845159936,4.533312815494391,121.55239346094884
JPM,2024-12-31,42791000000.0,14005000000.0,,454311000000.0,4002814000000.0,344758000000.0,2815340032,4.974532326758035,122.4569665054228
JPM,2025-03-31,45327000000.0,14643000000.0,,472204000000.0,4357856000000.0,351420000000.0,2796110080,5.236918283274456,125.68174712205894
JPM,2025-06-30,44882000000.0,14987000000.0,,485095000000.0,4552482000000.0,356924000000.0,2779089920,5.392772609531109,128.43197243506248
KO,2023-12-31,,,,,,,4323409920,,
KO,2024-03-31,,,,,,,4311190016,,
KO,2024-06-30,12363000000.0,2411000000.0,3715000000.0,43817000000.0,101202000000.0,25853000000.0,4307959808,0.5596616745408596,6.001216620449956
KO,2024-09-30,11854000000.0,2848000000.0,4073000000.0,46264000000.0,106266000000.0,26518000000.0,4309870080,0.6608087824308616,6.152853684164883
KO,2024-12-31,11544000000.0,2195000000.0,3513000000.0,44522000000.0,100549000000.0,24856000000.0,4307800064,0.5095408253376171,5.769998521454128
KO,2025-03-31,11129000000.0,3330000000.0,4711000000.0,49111000000.0,101716000000.0,26202000000.0,4303569920,0.7737762048490199,6.0884336695057115
KO,2025-06-30,12535000000.0,3810000000.0,5520000000.0,49446000000.0,104333000000.0,28585000000.0,4304269824,0.8851675558897304,6.641079943597886
LIN,2023-12-31,,,,,,,484889984,,
LIN,2024-03-31,,,,,,,481576000,,
LIN,2024-06-30,8267000000.0,1663000000.0,3191000000.0,21518000000.0,80215000000.0,38179000000.0,480716000,3.4594230273175848,79.42111350568734
LIN,2024-09-30,8356000000.0,1550000000.0,3091000000.0,22262000000.0,82546000000.0,39173000000.0,480156000,3.2281175284699137,81.58390189854964
LIN,2024-12-31,8282000000.0,1725000000.0,3460000000.0,22609000000.0,80147000000.0,38092000000.0,476158016,3.6227469496176665,79.99865322019487
LIN,2025-03-31,8112000000.0,1673000000.0,3150000000.0,23897000000.0,82704000000.0,38032000000.0,472912000,3.537656054403356,80.42088168623339
LIN,2025-06-30,8495000000.0,1766000000.0,3355000000.0,25920000000.0,86078000000.0,38515000000.0,470724000,3.751667643884739,81.82076970793926
LLY,2023-12-31,,,,,,,949307008,,
LLY,2024-03-31,,,,,,,950766016,,
LLY,2024-06-30,11302800000.0,2967000000.0,4115200000.0,28892000000.0,71874800000.0,13562000000.0,900404992,3.2951838632187416,15.062111072791565
LLY,2024-09-30,11439100000.0,970300000.0,2247900000.0,31119700000.0,75606900000.0,14240000000.0,900425984,1.0776010657640018,15.81473686125877
LLY,2024-12-31,13532800000.0,4409800000.0,5748200000.0,33644200000.0,78714900000.0,14192100000.0,899315968,4.903504615632489,15.780994116630652
LLY,2025-03-31,12728500000.0,2759300000.0,4162600000.0,38515900000.0,89388800000.0,15764800000.0,897988992,3.072754816130307,17.555671773758224
LLY,2025-06-30,15557700000.0,5660500000.0,7503900000.0,39903800000.0,100922600000.0,18272900000.0,897736000,6.305305791457623,20.3544249088819
LMT,2023-12-31,,,,,,,248099008,,
LMT,2024-03-31,,,,,,,240495008,,
LMT,2024-06-30,18122000000.0,1641000000.0,2568000000.0,19257000000.0,55076000000.0,6175000000.0,237938000,6.896754616748901,25.95213879245854
LMT,2024-09-30,17104000000.0,1623000000.0,2564000000.0,19321000000.0,55520000000.0,7200000000.0,238358000,6.80908549324965,30.206663925691608
LMT,2024-12-31,18622000000.0,527000000.0,1242000000.0,20270000000.0,55617000000.0,6333000000.0,237035008,2.2233002814504093,26.717572452420193
LMT,2025-03-31,17963000000.0,1712000000.0,2701000000.0,20304000000.0,56669000000.0,6683000000.0,234572992,7.298367921231103,28.490065898123515
LMT,2025-06-30,18155000000.0,342000000.0,1090000000.0,21638000000.0,58870000000.0,5334000000.0,234296000,1.4596920135213576,22.766073684569943
LOW,2024-01-31,,,,,,,575113024,,
LOW,2024-04-30,21364000000.0,1755000000.0,3160000000.0,40227000000.0,45365000000.0,-14606000000.0,572192000,3.067152284547844,-25.526396733963423
LOW,2024-07-31,23586000000.0,2383000000.0,3980000000.0,40239000000.0,44934000000.0,-13763000000.0,569835008,4.181912249238292,-24.152605239725812
LOW,2024-10-31,20170000000.0,1695000000.0,3080000000.0,39720000000.0,44743000000.0,-13419000000.0,567294016,2.9878686398835557,-23.65440075433477
LOW,2025-01-31,18554000000.0,1124000000.0,2376000000.0,39678000000.0,43102000000.0,-14231000000.0,569620992,1.97324188501817,-24.98327870613308
LOW,2025-04-30,20930000000.0,1641000000.0,3026000000.0,38955000000.0,45372000000.0,-13254000000.0,559705984,2.931896472273557,-23.680289971671986
MA,2023-12-31,,,,,,,938193984,,
MA,2024-03-31,,,,,,,932892032,,
MA,2024-06-30,6961000000.0,3258000000.0,4317000000.0,15605000000.0,42333000000.0,7421000000.0,949835008,3.430069404222254,7.812935865172912
MA,2024-09-30,7369000000.0,3263000000.0,4250000000.0,18358000000.0,47237000000.0,7440000000.0,923536000,3.533159508671021,8.055993485906342
MA,2024-12-31,7489000000.0,3342000000.0,4306000000.0,18226000000.0,48081000000.0,6485000000.0,917830976,3.6411932996255727,7.065571079614554
MA,2025-03-31,7250000000.0,3280000000.0,4488000000.0,18802000000.0,48470000000.0,6671000000.0,904889984,3.6247500337013343,7.372166913055366
MA,2025-06-30,8133000000.0,3701000000.0,5148000000.0,18970000000.0,51431000000.0,7853000000.0,908081984,4.075623198356505,8.647897588947211
MCD,2023-12-31,,,,,,,725342016,,
MCD,2024-03-31,,,,,,,722230976,,
MCD,2024-06-30,6490000000.0,2022000000.0,3430000000.0,51999000000.0,53801000000.0,-4824000000.0,720681984,2.8056757972182083,-6.693659765470147
MCD,2024-09-30,6874000000.0,2255000000.0,3756000000.0,53411000000.0,56172000000.0,-5177000000.0,717342976,3.143545103869533,-7.216910422497815
MCD,2024-12-31,6388000000.0,2016000000.0,3471000000.0,51948000000.0,55182000000.0,-3796000000.0,716620032,2.8132063157285563,-5.2970888762428565
MCD,2025-03-31,5955000000.0,1868000000.0,3226000000.0,52763000000.0,56329000000.0,-3454000000.0,716494976,2.6071362152858977,-4.820689768521141
MCD,2025-06-30,6843000000.0,2253000000.0,3795000000.0,55867000000.0,59555000000.0,-2760000000.0,715033024,3.150903418972716,-3.859961578501862
MDLZ,2023-12-31,,,,,,,1360899968,,
MDLZ,2024-03-31,,,,,,,1346480000,,
MDLZ,2024-06-30,8343000000.0,601000000.0,1297000000.0,20245000000.0,73096000000.0,27689000000.0,1341360000,0.4480527226098885,20.64248225681398
MDLZ,2024-09-30,9204000000.0,853000000.0,1596000000.0,20425000000.0,72191000000.0,27854000000.0,1335800064,0.6385686174065043,20.851922941665617
MDLZ,2024-12-31,9604000000.0,1745000000.0,2055000000.0,18372000000.0,68497000000.0,26932000000.0,1337190016,1.304975343160205,20.140742660166556
MDLZ,2025-03-31,9313000000.0,402000000.0,1006000000.0,20155000000.0,68927000000.0,25785000000.0,1293529984,0.3107774887110773,19.93382474232619
MDLZ,2025-06-30,8984000000.0,641000000.0,1345000000.0,21505000000.0,71020000000.0,26193000000.0,1294819968,0.4950495171850794,20.22906708834444
MDT,2024-01-31,,,,,,,1329650048,,
MDT,2024-04-30,8589000000.0,654000000.0,1711000000.0,25024000000.0,89981000000.0,50214000000.0,1327820032,0.492536627132313,37.816871857525946
MDT,2024-07-31,7915000000.0,1042000000.0,2097000000.0,27865000000.0,89749000000.0,47947000000.0,1282269952,0.8126213972141804,37.39228227661066
MDT,2024-10-31,8403000000.0,1270000000.0,2443000000.0,28326000000.0,90042000000.0,48494000000.0,1282599936,0.9901762539928896,37.80913957569385
MDT,2025-01-31,8292000000.0,1294000000.0,2403000000.0,26607000000.0,89973000000.0,49387000000.0,1282290048,1.0091320618281832,38.51468712326776
MDT,2025-04-30,8927000000.0,1056000000.0,2275000000.0,28516000000.0,91680000000.0,48024000000.0,1282540032,0.8233661122867781,37.44444524286007
MET,2023-12-31,,,,,,,740190016,,
MET,2024-03-31,,,,,,,723020032,,
MET,2024-06-30,17482000000.0,946000000.0,,18362000000.0,675745000000.0,27252000000.0,711123008,1.3302902442442135,38.32248386484494
MET,2024-09-30,18258000000.0,1342000000.0,,18845000000.0,704976000000.0,30885000000.0,700324992,1.9162531900617936,44.10095363268144
MET,2024-12-31,18376000000.0,1271000000.0,,18715000000.0,677457000000.0,27445000000.0,692419968,1.8355912000504295,39.6363497131267
MET,2025-03-31,18284000000.0,945000000.0,,19229000000.0,688316000000.0,27493000000.0,681228032,1.387200695816346,40.35799865616804
MET,2025-06-30,17160000000.0,729000000.0,,19906000000.0,702470000000.0,27685000000.0,671297984,1.0859558904916955,41.240999764420565
META,2023-12-31,,,,,,,2569860096,,
META,2024-03-31,,,,,,,2549410048,,
META,2024-06-30,39071000000.0,13465000000.0,18871000000.0,37991000000.0,230238000000.0,156763000000.0,2536529920,5.308433341878341,61.80214897681948
META,2024-09-30,40589000000.0,15688000000.0,22057000000.0,49047000000.0,256408000000.0,164529000000.0,2507369984,6.256755125931985,65.61815808990717
META,2024-12-31,48385000000.0,20838000000.0,28263000000.0,49060000000.0,276054000000.0,182637000000.0,2524489984,8.254340532966836,72.34609808616298
META,2025-03-31,42314000000.0,16644000000.0,22522000000.0,49519000000.0,280213000000.0,185029000000.0,2533659904,6.569153173921799,73.02834911184671
META,2025-06-30,47516000000.0,18337000000.0,25117000000.0,49560000000.0,294744000000.0,195070000000.0,2514330112,7.292996218946766,77.58328911108391
MMM,2023-12-31,,,,,,,552316992,,
MMM,2024-03-31,,,,,,,553361024,,
MMM,2024-06-30,6255000000.0,1145000000.0,2033000000.0,13695000000.0,43377000000.0,3916000000.0,553361024,2.069173560008448,7.076754289076926
MMM,2024-09-30,6294000000.0,1372000000.0,2307000000.0,13800000000.0,40875000000.0,4642000000.0,551764992,2.486565874770105,8.413002034025384
MMM,2024-12-31,6010000000.0,728000000.0,1333000000.0,13659000000.0,39868000000.0,3842000000.0,544558976,1.3368616294739029,7.05525052258068
MMM,2025-03-31,5954000000.0,1116000000.0,1930000000.0,14067000000.0,39951000000.0,4464000000.0,558406976,1.998542367780162,7.994169471120648
MMM,2025-06-30,6344000000.0,723000000.0,1450000000.0,13726000000.0,37989000000.0,4290000000.0,538180992,1.3434142244845393,7.971296020800378
MO,2023-12-31,,,,,,,1775689984,,
MO,2024-03-31,,,,,,,1765080064,,
MO,2024-06-30,5277000000.0,3803000000.0,5451000000.0,25023000000.0,34387000000.0,-3016000000.0,1717629952,2.2140973936625903,-1.7559078988394352
MO,2024-09-30,5344000000.0,2293000000.0,3367000000.0,25155000000.0,34167000000.0,-3468000000.0,1706560000,1.3436386649165573,-2.032158259891243
MO,2024-12-31,5106000000.0,3039000000.0,3192000000.0,24926000000.0,35177000000.0,-2238000000.0,1694809984,1.7931213697641282,-1.3205020156407103
MO,2025-03-31,4519000000.0,1077000000.0,2016000000.0,26059000000.0,35760000000.0,-3510000000.0,1690659968,0.6370293378828025,-2.0761123268046764
MO,2025-06-30,5290000000.0,2378000000.0,3464000000.0,24720000000.0,32332000000.0,-3256000000.0,1687900032,1.4088512085530904,-1.9290241947219775
MRK,2023-12-31,,,,,,,2534020096,,
MRK,2024-03-31,,,,,,,2532640000,,
MRK,2024-06-30,16112000000.0,5455000000.0,7448000000.0,37788000000.0,112630000000.0,43582000000.0,2565580032,2.1262248427103443,16.987191768103067
MRK,2024-09-30,16657000000.0,3157000000.0,5606000000.0,38131000000.0,117532000000.0,44502000000.0,2537710080,1.2440349371981847,17.53628215875629
MRK,2024-12-31,15624000000.0,3743000000.0,5695000000.0,37111000000.0,117106000000.0,46313000000.0,2529639936,1.4796572218568895,18.30813917068077
MRK,2025-03-31,15529000000.0,5079000000.0,7315000000.0,34844000000.0,115122000000.0,48335000000.0,2526040064,2.0106569457799384,19.134692552524772
MRK,2025-06-30,15806000000.0,4427000000.0,6423000000.0,35402000000.0,117523000000.0,48993000000.0,2511030016,1.7630215376923637,19.511116827685104
MS,2023-12-31,,,,,,,1641309952,,
MS,2024-03-31,,,,,,,1635270016,,
MS,2024-06-30,14024000000.0,3076000000.0,,292337000000.0,1212447000000.0,100714000000.0,1625159936,1.8927367896915717,61.97174676105232
MS,2024-09-30,14339000000.0,3188000000.0,,316323000000.0,1258027000000.0,103647000000.0,1625479936,1.961266903020081,63.763936856123706
MS,2024-12-31,15043000000.0,3714000000.0,,310421000000.0,1215071000000.0,104511000000.0,1611040000,2.305343132386533,64.87175985698678
MS,2025-03-31,16517000000.0,4315000000.0,,327657000000.0,1300296000000.0,106812000000.0,1612860032,2.675371646880763,66.22521352181415
MS,2025-06-30,15604000000.0,3539000000.0,,352338000000.0,1353870000000.0,108184000000.0,1604320000,2.205919018649646,67.43293108606761
MSFT,2024-03-31,,,,,,,7443680256,,
MSFT,2024-06-30,64727000000.0,22036000000.0,34331000000.0,67127000000.0,512163000000.0,268477000000.0,7432309760,2.9648925719694437,36.122956210049026
MSFT,2024-09-30,65585000000.0,24667000000.0,38234000000.0,61478000000.0,523013000000.0,287723000000.0,7433039872,3.3185615071055548,38.708658227953606
MSFT,2024-12-31,69632000000.0,24108000000.0,36786000000.0,62224000000.0,533898000000.0,302695000000.0,7434880000,3.242554015666695,40.7128292588448
MSFT,2025-03-31,70066000000.0,25824000000.0,40711000000.0,60567000000.0,562624000000.0,321891000000.0,7433979904,3.4737785591947707,43.29995563033472
MSFT,2025-06-30,76441000000.0,27233000000.0,44434000000.0,60588000000.0,619003000000.0,343479000000.0,7432540160,3.6640232563506254,46.212868360740885
NEE,2023-12-31,,,,,,,2051709952,,
NEE,2024-06-30,6069000000.0,1622000000.0,3523000000.0,82633000000.0,184724000000.0,49140000000.0,2054530048,0.7894749466326617,23.9178784695
NEE,2024-09-30,7567000000.0,1852000000.0,5133000000.0,82767000000.0,186013000000.0,50051000000.0,2055350016,0.9010630722665196,24.35157010259804
NEE,2024-12-31,5385000000.0,1203000000.0,1901000000.0,82333000000.0,190144000000.0,50101000000.0,2056400000,0.5850029177202879,24.363450690527134
NEE,2025-03-31,6247000000.0,833000000.0,2893000000.0,89678000000.0,194264000000.0,49812000000.0,2101410048,0.3964005029826525,23.70408385902988
NEE,2025-06-30,6700000000.0,2028000000.0,4300000000.0,93189000000.0,198830000000.0,50797000000.0,2058630016,0.985121165162298,24.675147843564716
NFLX,2023-12-31,,,,,,,437680000,,
NFLX,2024-03-31,,,,,,,432760000,,
NFLX,2024-06-30,9559310000.0,2147306000.0,6532759000.0,13980065000.0,49098895000.0,22112693000.0,435115008,4.935030878089132,50.82034081435316
NFLX,2024-09-30,9824703000.0,2363509000.0,6689912000.0,15981328000.0,52281844000.0,22720736000.0,429164992,5.507226926841228,52.94172736251516
NFLX,2024-12-31,10246513000.0,1868607000.0,6567911000.0,15582804000.0,53630374000.0,24743567000.0,427457984,4.371440164748449,57.88537803986836
NFLX,2025-03-31,10542801000.0,2890351000.0,7301077000.0,15016918000.0,52087644000.0,24028073000.0,427756992,6.756992998492003,56.17225071565867
NFLX,2025-06-30,11079166000.0,3125413000.0,7726411000.0,14453206000.0,53099664000.0,24951899000.0,427203008,7.31599015332776,58.40759201770415
NKE,2023-11-30,,,,,,,1521910016,,
NKE,2024-02-29,,,,,,,1515120000,,
NKE,2024-05-31,12606000000.0,1500000000.0,1750000000.0,11952000000.0,38110000000.0,14430000000.0,1509360000,0.9937986961361108,9.560343456829385
NKE,2024-08-31,11589000000.0,1051000000.0,1393000000.0,12126000000.0,37867000000.0,13944000000.0,1499360000,0.7009657453846975,9.29996798634084
NKE,2024-11-30,12354000000.0,1163000000.0,1569000000.0,12065000000.0,37959000000.0,14037000000.0,1480370048,0.7856143817359914,9.482088629774816
NKE,2025-02-28,11269000000.0,794000000.0,1030000000.0,11911000000.0,37793000000.0,14007000000.0,1479129984,0.5368020448431393,9.469755972440622
NKE,2025-05-31,11097000000.0,211000000.0,518000000.0,11018000000.0,36579000000.0,13213000000.0,1496700032,0.1409768126469847,8.82808827253369
NOW,2023-12-31,,,,,,,205055008,,
NOW,2024-06-30,2627000000.0,262000000.0,476000000.0,2255000000.0,18207000000.0,8666000000.0,205382000,1.2756716752198345,42.19454479944689
NOW,2024-09-30,2797000000.0,432000000.0,666000000.0,2245000000.0,18434000000.0,9290000000.0,205856992,2.0985442165598145,45.12841613852009
NOW,2024-12-31,2957000000.0,384000000.0,622000000.0,2278000000.0,20383000000.0,9609000000.0,206316992,1.8612136415792648,46.573963234206126
NOW,2025-03-31,3088000000.0,460000000.0,721000000.0,2399000000.0,20972000000.0,10139000000.0,206487008,2.227743064590291,49.1023628953934
NOW,2025-06-30,3215000000.0,385000000.0,649000000.0,2409000000.0,22051000000.0,10932000000.0,207152000,1.858538657604078,52.77284312968255
NVDA,2024-01-31,,,,,,,2470000128,,
NVDA,2024-04-30,26044000000.0,14881000000.0,17753000000.0,11237000000.0,77072000000.0,49142000000.0,2500000000,5.9524,19.6568
NVDA,2024-07-31,30040000000.0,16599000000.0,19708000000.0,10015000000.0,85227000000.0,58157000000.0,24598300672,0.674802711835069,2.364269010915845
NVDA,2024-10-31,35082000000.0,19309000000.0,22855000000.0,10225000000.0,96013000000.0,65899000000.0,24900100096,0.775458730107749,2.6465355458786344
NVDA,2025-01-31,39331000000.0,22091000000.0,25821000000.0,10270000000.0,111601000000.0,79327000000.0,24979499008,0.8843652145675571,3.175684187044525
NVDA,2025-04-30,44062000000.0,18775000000.0,22584000000.0,10285000000.0,125254000000.0,83843000000.0,24399998976,0.76946724540715,3.436188668797426
ORCL,2024-02-29,,,,,,,2748920064,,
ORCL,2024-05-31,14287000000.0,3144000000.0,6214000000.0,93124000000.0,140976000000.0,8704000000.0,2748509952,1.1438925290091146,3.1668067978674723
ORCL,2024-08-31,13307000000.0,2929000000.0,5439000000.0,84515000000.0,144214000000.0,10816000000.0,2755859968,1.0628261355839688,3.9247277167894183
ORCL,2024-11-30,14059000000.0,3151000000.0,5755000000.0,88624000000.0,148483000000.0,13746000000.0,2771059968,1.1371099999233218,4.960556667390029
ORCL,2025-02-28,14130000000.0,2936000000.0,5891000000.0,96276000000.0,161378000000.0,16730000000.0,2796960000,1.0497111149247755,5.981494193696013
ORCL,2025-05-31,15903000000.0,3427000000.0,6826000000.0,104104000000.0,168361000000.0,20451000000.0,2804229888,1.222082402967385,7.292911357772391
PEP,2023-12-31,,,,,,,1378680064,,
PEP,2024-03-31,,,,,,,1374509952,,
PEP,2024-06-30,22501000000.0,3083000000.0,4993000000.0,44927000000.0,99533000000.0,19446000000.0,1374790016,2.242524286705323,14.1447055722581
PEP,2024-09-30,23319000000.0,2930000000.0,4812000000.0,45014000000.0,100513000000.0,19453000000.0,1401500032,2.090617148127186,13.880128116900392
PEP,2024-12-31,27784000000.0,1523000000.0,3332000000.0,44948000000.0,99467000000.0,18041000000.0,1371990016,1.110066386955399,13.149512598202463
PEP,2025-03-31,17919000000.0,1834000000.0,3435000000.0,48518000000.0,101737000000.0,18389000000.0,1371500032,1.3372219884862533,13.407947189898424
PEP,2025-06-30,22726000000.0,1263000000.0,2808000000.0,51384000000.0,105345000000.0,18418000000.0,1371079936,0.9211716741218507,13.43320656688539
PFE,2023-12-31,,,,,,,5646410240,,
PFE,2024-03-31,,,,,,,5668660224,,
PFE,2024-06-30,13283000000.0,41000000.0,2406000000.0,68677000000.0,216193000000.0,87700000000.0,5666590208,0.0072353917426597,15.476679410518615
PFE,2024-09-30,17701000000.0,4465000000.0,7253000000.0,66617000000.0,219476000000.0,92286000000.0,5696070144,0.7838737738690319,16.201696549894173
PFE,2024-12-31,17764000000.0,410000000.0,2520000000.0,63649000000.0,213396000000.0,88203000000.0,5666990080,0.0723488120169781,15.564346991057375
PFE,2025-03-31,13715000000.0,2967000000.0,5057000000.0,61291000000.0,208028000000.0,90338000000.0,5671450112,0.5231466276538764,15.928554111559114
PFE,2025-06-30,14653000000.0,2910000000.0,5323000000.0,60926000000.0,206095000000.0,88695000000.0,5697120256,0.510784373374477,15.568391751357126
PG,2023-12-31,,,,,,,2356890112,,
PG,2024-03-31,,,,,,,2353019904,,
PG,2024-06-30,20532000000.0,3137000000.0,4851000000.0,33369000000.0,122370000000.0,50286000000.0,2360140032,1.329158421732156,21.306362892962447
PG,2024-09-30,21737000000.0,3959000000.0,6106000000.0,36153000000.0,126482000000.0,51840000000.0,2354459904,1.681489667024714,22.0177884159033
PG,2024-12-31,21882000000.0,4630000000.0,6791000000.0,34687000000.0,122639000000.0,51168000000.0,2355040000,1.9659963312725048,21.72701949860724
PG,2025-03-31,19776000000.0,3769000000.0,5568000000.0,34141000000.0,122984000000.0,52272000000.0,2344849920,1.6073523375005596,22.292258261031904
PG,2025-06-30,20889000000.0,3615000000.0,5456000000.0,35463000000.0,125231000000.0,52012000000.0,2349570048,1.5385793682027735,22.13681607163559
PLTR,2023-12-31,,,,,,,2175990016,,
PLTR,2024-03-31,,,,,,,2212730112,,
PLTR,2024-06-30,678134000.0,134126000.0,113395000.0,258459000.0,5191880000.0,4050524000.0,2130339968,0.0629599040597824,1.9013509866233709
PLTR,2024-09-30,725516000.0,143525000.0,121227000.0,254915000.0,5768097000.0,4498143000.0,2239450112,0.0640893937448873,2.0085926343689855
PLTR,2024-12-31,827519000.0,79009000.0,18049000.0,239219000.0,6340884000.0,5003275000.0,2278020096,0.0346831883260085,2.1963261029985226
PLTR,2025-03-31,883855000.0,214031000.0,182670000.0,244596000.0,6736917000.0,5424155000.0,2345359872,0.0912572106972588,2.312717576844429
PLTR,2025-06-30,1003697000.0,326727000.0,275847000.0,237812000.0,7365688000.0,5928901000.0,2603770112,0.1254822760635482,2.277044725521452
PM,2023-12-31,,,,,,,1552409984,,
PM,2024-03-31,,,,,,,1552460032,,
PM,2024-06-30,9468000000.0,2406000000.0,3875000000.0,49139000000.0,65782000000.0,-9744000000.0,1554560000,1.5477048167970358,-6.268011527377522
PM,2024-09-30,9911000000.0,3082000000.0,4137000000.0,49222000000.0,66892000000.0,-9694000000.0,1557769984,1.9784692423499668,-6.222998324250675
PM,2024-12-31,9706000000.0,-579000000.0,4340000000.0,45695000000.0,61784000000.0,-11750000000.0,1554829952,-0.3723879896031228,-7.557096507489971
PM,2025-03-31,9301000000.0,2690000000.0,4012000000.0,49579000000.0,65079000000.0,-10901000000.0,1556489984,1.7282475490699978,-7.003578636584403
PM,2025-06-30,10140000000.0,3039000000.0,4191000000.0,51462000000.0,68506000000.0,-11966000000.0,1556519936,1.9524324293652993,-7.687662536948065
PYPL,2023-12-31,,,,,,,1078140032,,
PYPL,2024-06-30,7885000000.0,1128000000.0,1755000000.0,9727000000.0,84016000000.0,20622000000.0,1046049984,1.0783423519463482,19.714163104465953
PYPL,2024-09-30,7847000000.0,1010000000.0,1672000000.0,9976000000.0,83511000000.0,20174000000.0,1022329984,0.98793933055572,19.73335450953574
PYPL,2024-12-31,8366000000.0,1121000000.0,1756000000.0,9879000000.0,81611000000.0,20417000000.0,1002540032,1.1181598382297817,20.365271558552585
PYPL,2025-03-31,7791000000.0,1287000000.0,1951000000.0,11417000000.0,81274000000.0,20254000000.0,1005190016,1.2803549373892706,20.149424166186705
PYPL,2025-06-30,8288000000.0,1261000000.0,1882000000.0,11296000000.0,79777000000.0,20201000000.0,972532992,1.296614110136019,20.771531830973608
QCOM,2023-12-31,,,,,,,1112999936,,
QCOM,2024-03-31,,,,,,,1116000000,,
QCOM,2024-06-30,9393000000.0,2129000000.0,2866000000.0,14554000000.0,52741000000.0,24670000000.0,1116000000,1.907706093189964,22.10573476702509
QCOM,2024-09-30,10244000000.0,2920000000.0,3215000000.0,14634000000.0,55154000000.0,26274000000.0,1114520064,2.619961806268568,23.574272773253547
QCOM,2024-12-31,11669000000.0,3180000000.0,4234000000.0,14577000000.0,55575000000.0,26880000000.0,1120109952,2.8390070049123177,23.997644116994685
QCOM,2025-03-31,10979000000.0,2812000000.0,3665000000.0,14623000000.0,55372000000.0,27728000000.0,1106000000,2.54249547920434,25.070524412296564
QCOM,2025-06-30,10365000000.0,2666000000.0,3518000000.0,14788000000.0,54862000000.0,27209000000.0,1098000000,2.4280510018214936,24.780510018214937
RTX,2023-12-31,,,,,,,1437900032,,
RTX,2024-03-31,,,,,,,1329639936,,
RTX,2024-06-30,19721000000.0,111000000.0,1988000000.0,43566000000.0,161169000000.0,58985000000.0,1337959936,0.0829621254070196,44.08577447867617
RTX,2024-09-30,20089000000.0,1472000000.0,3548000000.0,43748000000.0,164822000000.0,61114000000.0,1337779968,1.1003304244424148,45.68314779848759
RTX,2024-12-31,21623000000.0,1482000000.0,3662000000.0,42893000000.0,162861000000.0,60156000000.0,1331020032,1.1134317774114462,45.19541295679012
RTX,2025-03-31,20306000000.0,1535000000.0,3512000000.0,42946000000.0,164864000000.0,61516000000.0,1335090048,1.149735182506581,46.07629282545592
RTX,2025-06-30,21581000000.0,1657000000.0,3596000000.0,43595000000.0,167139000000.0,62398000000.0,1335949952,1.2403159246492492,46.70683950890999
SBUX,2023-12-31,,,,,,,1136700032,,
SBUX,2024-03-31,,,,,,,1132220032,,
SBUX,2024-06-30,9113900000.0,1054800000.0,1953000000.0,25291800000.0,30111800000.0,-7945400000.0,1132700032,0.931226247197634,-7.014566765722489
SBUX,2024-09-30,9073900000.0,909200000.0,1735100000.0,25803100000.0,31339300000.0,-7448900000.0,1133200000,0.8023296858453935,-6.57333215672432
SBUX,2024-12-31,9397800000.0,780800000.0,1581700000.0,25871500000.0,31893100000.0,-7471700000.0,1145440000,0.681659449643805,-6.522995530101969
SBUX,2025-03-31,8761600000.0,384200000.0,1064700000.0,26009500000.0,31633100000.0,-7622500000.0,1135929984,0.3382250714494741,-6.7103607681510065
SBUX,2025-06-30,9456000000.0,558300000.0,1409200000.0,27886100000.0,33649200000.0,-7686000000.0,1142349952,0.4887293941953087,-6.7282359372830784
SCHW,2023-12-31,,,,,,,1822579968,,
SCHW,2024-03-31,,,,,,,1824370048,,
SCHW,2024-06-30,4690000000.0,1332000000.0,,56845000000.0,449675000000.0,43953000000.0,1828169984,0.728597456285553,24.042075072161342
SCHW,2024-09-30,4847000000.0,1408000000.0,,55635000000.0,466055000000.0,47215000000.0,1812870016,0.7766690317415454,26.044338305168377
SCHW,2024-12-31,5329000000.0,1840000000.0,,45134000000.0,479843000000.0,48375000000.0,1830560000,1.0051568918800804,26.426339480814615
SCHW,2025-03-31,5599000000.0,1909000000.0,,39880000000.0,462903000000.0,49511000000.0,1813570048,1.0526199426954803,27.300296481296986
SCHW,2025-06-30,5851000000.0,2126000000.0,,37671000000.0,458936000000.0,49451000000.0,1816969984,1.1700798685290774,27.21618983002418
SO,2023-12-31,,,,,,,1090620032,,
SO,2024-03-31,,,,,,,1091020032,,
SO,2024-06-30,6463000000.0,1203000000.0,3483000000.0,65519000000.0,141937000000.0,32449000000.0,1095810048,1.0978180043116377,29.611883974986146
SO,2024-09-30,7274000000.0,1535000000.0,3948000000.0,65082000000.0,143956000000.0,33298000000.0,1094569984,1.402377209715263,30.42107904175819
SO,2024-12-31,6341000000.0,534000000.0,2588000000.0,66277000000.0,145180000000.0,33208000000.0,1095680000,0.4873685747663551,30.308119158878505
SO,2025-03-31,7775000000.0,1334000000.0,3675000000.0,70120000000.0,148109000000.0,33839000000.0,1096800000,1.2162654996353026,30.852479941648433
SO,2025-06-30,6973000000.0,880000000.0,3465000000.0,70824000000.0,148853000000.0,34014000000.0,1100189952,0.7998618769425009,30.916479411729803
SPG,2023-12-31,,,,,,,375180000,,
SPG,2024-03-31,,,,,,,374617984,,
SPG,2024-06-30,1458266000.0,494299000.0,1128329000.0,25811711000.0,33376971000.0,2944586000.0,369233984,1.3387148025897857,7.974850982297448
SPG,2024-09-30,1480710000.0,475995000.0,1117605000.0,25939649000.0,33275918000.0,2713136000.0,374887008,1.2697025766227674,7.237209991550308
SPG,2024-12-31,1582232000.0,668065000.0,1327865000.0,24784778000.0,32405691000.0,2941925000.0,375472992,1.7792624615727357,7.835250637681019
SPG,2025-03-31,1473012000.0,414533000.0,1052865000.0,25271374000.0,32501143000.0,2605575000.0,377038016,1.0994461630097268,6.910642665804819
SPG,2025-06-30,1498459000.0,556967000.0,1279150000.0,25917315000.0,33295602000.0,2451508000.0,377139008,1.4768215119237944,6.500276948281097
T,2023-12-31,,,,,,,7150020096,,
T,2024-03-31,,,,,,,7152790016,,
T,2024-06-30,29797000000.0,3597000000.0,11862000000.0,147778000000.0,398026000000.0,105310000000.0,7173989888,0.501394629230902,14.679418516626711
T,2024-09-30,30213000000.0,-174000000.0,8192000000.0,146343000000.0,393719000000.0,102351000000.0,7170240000,-0.0242669701432588,14.274417592716562
T,2024-12-31,32298000000.0,4080000000.0,12343000000.0,140923000000.0,394795000000.0,104372000000.0,7175289856,0.5686181439190628,14.546032577725596
T,2025-03-31,30626000000.0,4351000000.0,12839000000.0,143594000000.0,397467000000.0,103744000000.0,7178180096,0.6061424959823131,14.452688371222498
T,2025-06-30,30847000000.0,4500000000.0,13004000000.0,150073000000.0,405491000000.0,105272000000.0,7278879744,0.6182270017181369,14.462665094415936
TGT,2024-01-31,,,,,,,461662016,,
TGT,2024-04-30,24531000000.0,942000000.0,2043000000.0,19493000000.0,55117000000.0,13840000000.0,461689984,2.040330162328148,29.97682531488489
TGT,2024-07-31,25452000000.0,1192000000.0,2398000000.0,18738000000.0,55995000000.0,14429000000.0,462636992,2.576534130673234,31.188599808292025
TGT,2024-10-31,25668000000.0,854000000.0,1950000000.0,19399000000.0,58531000000.0,14489000000.0,460675008,1.8538014547557136,31.451673627582593
TGT,2025-01-31,30915000000.0,1103000000.0,2262000000.0,19875000000.0,57769000000.0,14666000000.0,458212000,2.4071827014569673,32.00701858528367
TGT,2025-04-30,23846000000.0,1036000000.0,2285000000.0,19037000000.0,56185000000.0,14947000000.0,455576000,2.274044286792983,32.80901540028447
TMO,2023-12-31,,,,,,,386372000,,
TMO,2024-03-31,,,,,,,381312000,,
TMO,2024-06-30,10541000000.0,1548000000.0,2910000000.0,35405000000.0,98496000000.0,47432000000.0,381716000,4.055371008812835,124.2599209883788
TMO,2024-09-30,10598000000.0,1630000000.0,2837000000.0,35313000000.0,100364000000.0,48992000000.0,385048000,4.23323845338763,127.23608485175876
TMO,2024-12-31,11395000000.0,1830000000.0,3000000000.0,31275000000.0,97321000000.0,49585000000.0,382500000,4.784313725490196,129.63398692810458
TMO,2025-03-31,10364000000.0,1507000000.0,2628000000.0,34189000000.0,99041000000.0,49390000000.0,377260992,3.9945820849667912,130.91732526642988
TMO,2025-06-30,10854000000.0,1617000000.0,2799000000.0,35229000000.0,101230000000.0,50511000000.0,381044000,4.24360441313864,132.5594944415868
TMUS,2023-12-31,,,,,,,1156480000,,
TMUS,2024-03-31,,,,,,,1186870016,,
TMUS,2024-06-30,19772000000.0,2925000000.0,7870000000.0,114150000000.0,208557000000.0,62636000000.0,1175120000,2.4891074954047245,53.30179045544285
TMUS,2024-09-30,20162000000.0,3059000000.0,7954000000.0,116151000000.0,210742000000.0,64250000000.0,1166780032,2.6217452442655445,55.06607778491705
TMUS,2024-12-31,21872000000.0,2981000000.0,7829000000.0,114404000000.0,208035000000.0,61741000000.0,1160489984,2.568742549354049,53.20252725248855
TMUS,2025-03-31,20886000000.0,2953000000.0,7952000000.0,120910000000.0,214633000000.0,61105000000.0,1141740032,2.5864031366467843,53.51918850822952
TMUS,2025-06-30,21132000000.0,3222000000.0,8348000000.0,117860000000.0,212643000000.0,61107000000.0,1135449984,2.8376415037229856,53.81742997144646
TSLA,2023-12-31,,,,,,,3178919936,,
TSLA,2024-03-31,,,,,,,3184790016,,
TSLA,2024-06-30,25500000000.0,1400000000.0,3151000000.0,12515000000.0,112832000000.0,66468000000.0,3189199872,0.4389815803930899,20.84159120397707
TSLA,2024-09-30,25182000000.0,2167000000.0,4224000000.0,12783000000.0,119852000000.0,69931000000.0,3194639872,0.6783237193628816,21.890104300307183
TSLA,2024-12-31,25707000000.0,2356000000.0,4358000000.0,13623000000.0,122070000000.0,72913000000.0,3210060032,0.7339426604218722,22.71390543265703
TSLA,2025-03-31,19335000000.0,409000000.0,2127000000.0,13128000000.0,125111000000.0,74653000000.0,3216519936,0.1271560593865381,23.209245235655832
TSLA,2025-06-30,22496000000.0,1172000000.0,3068000000.0,13134000000.0,128567000000.0,77314000000.0,3220960000,0.3638666732899508,24.003402712234863
TXN,2023-12-31,,,,,,,908204032,,
TXN,2024-03-31,,,,,,,910056000,,
TXN,2024-06-30,3822000000.0,1127000000.0,1759000000.0,13891000000.0,35048000000.0,17214000000.0,910481984,1.2378059311495393,18.906469652891012
TXN,2024-09-30,4151000000.0,1362000000.0,2087000000.0,14574000000.0,35321000000.0,17268000000.0,913657024,1.490712558676723,18.89987111837713
TXN,2024-12-31,4007000000.0,1205000000.0,1924000000.0,13596000000.0,35509000000.0,16903000000.0,912217024,1.3209575882679427,18.529581837753557
TXN,2025-03-31,4069000000.0,1179000000.0,1848000000.0,12848000000.0,33757000000.0,16406000000.0,909918016,1.295721130111133,18.03019581052014
TXN,2025-06-30,4448000000.0,1295000000.0,2092000000.0,14043000000.0,34933000000.0,16403000000.0,908472000,1.425470460289365,18.055592247201893
UNH,2023-12-31,,,,,,,924924992,,
UNH,2024-03-31,,,,,,,921934016,,
UNH,2024-06-30,98855000000.0,4216000000.0,7670000000.0,75098000000.0,286056000000.0,89359000000.0,920385024,4.5806916562779705,97.08871577640969
UNH,2024-09-30,100820000000.0,6055000000.0,9729000000.0,78010000000.0,299309000000.0,94535000000.0,923417984,6.557160576157893,102.37509084510096
UNH,2024-12-31,100807000000.0,5543000000.0,8835000000.0,76904000000.0,298278000000.0,92658000000.0,920284032,6.023140473222945,100.68413313510584
UNH,2025-03-31,109575000000.0,6292000000.0,10165000000.0,81271000000.0,309790000000.0,95038000000.0,914712000,6.878667821128399,103.8993694190084
UNH,2025-06-30,111616000000.0,3406000000.0,6193000000.0,79193000000.0,308573000000.0,94724000000.0,907139968,3.7546576274324184,104.42049004724264
UNP,2023-12-31,,,,,,,609598016,,
UNP,2024-03-31,,,,,,,610096000,,
UNP,2024-06-30,6007000000.0,1673000000.0,3099000000.0,33197000000.0,67817000000.0,16489000000.0,610121984,2.7420746078213765,27.02574310123531
UNP,2024-09-30,6091000000.0,1671000000.0,3105000000.0,32696000000.0,67570000000.0,16584000000.0,609198016,2.7429504957547333,27.22267565625165
UNP,2024-12-31,6121000000.0,1762000000.0,3199000000.0,32463000000.0,67715000000.0,16890000000.0,606257024,2.906358079572535,27.859471035176
UNP,2025-03-31,6027000000.0,1626000000.0,3059000000.0,33904000000.0,68492000000.0,16039000000.0,599318016,2.7130837995699433,26.762085523556163
UNP,2025-06-30,6154000000.0,1876000000.0,3261000000.0,33956000000.0,68576000000.0,16258000000.0,597475968,3.1398752426474164,27.211136297953995
UPS,2023-12-31,,,,,,,851491968,,
UPS,2024-03-31,,,,,,,853137024,,
UPS,2024-06-30,21818000000.0,1409000000.0,2968000000.0,26449000000.0,69418000000.0,17030000000.0,855558976,1.6468765327990669,19.90511522609518
UPS,2024-09-30,22245000000.0,1539000000.0,3045000000.0,26242000000.0,68263000000.0,16857000000.0,856577984,1.796684048325949,19.67946913751171
UPS,2024-12-31,25301000000.0,1721000000.0,3275000000.0,25652000000.0,70070000000.0,16718000000.0,853369984,2.016710257294449,19.590564835240325
UPS,2025-03-31,21546000000.0,1187000000.0,2657000000.0,25594000000.0,68466000000.0,15660000000.0,839438976,1.414039654980233,18.65531676241824
UPS,2025-06-30,21221000000.0,1283000000.0,2836000000.0,28909000000.0,70923000000.0,15750000000.0,841944000,1.5238543181019166,18.70670733445455
USB,2023-12-31,,,,,,,1557010048,,
USB,2024-03-31,,,,,,,1558310016,,
USB,2024-06-30,6838000000.0,1603000000.0,,69277000000.0,680058000000.0,56420000000.0,1560460032,1.0272611711467403,36.15600453905121
USB,2024-09-30,6833000000.0,1714000000.0,,78547000000.0,686469000000.0,58859000000.0,1560509952,1.098358903641263,37.71779854692013
USB,2024-12-31,6979000000.0,1663000000.0,,65626000000.0,678318000000.0,58578000000.0,1560029952,1.0660051737263054,37.54927905384216
USB,2025-03-31,6928000000.0,1709000000.0,,77017000000.0,676489000000.0,60096000000.0,1558009984,1.0969120978367235,38.57228170368387
USB,2025-06-30,6975000000.0,1815000000.0,,79052000000.0,686370000000.0,61438000000.0,1558029952,1.164932675183898,39.43313151402111
V,2023-12-31,,,,,,,2055190016,,
V,2024-03-31,,,,,,,2054070016,,
V,2024-06-30,8900000000.0,4872000000.0,6449000000.0,20602000000.0,91040000000.0,39729000000.0,2099900032,2.3201104460957502,18.919472067516026
V,2024-09-30,9617000000.0,5318000000.0,6822000000.0,20836000000.0,94511000000.0,39137000000.0,1947440000,2.7307644908187156,20.096639691081624
V,2024-12-31,9510000000.0,5119000000.0,6664000000.0,20609000000.0,91888000000.0,38296000000.0,1930620032,2.65147979154502,19.836114494434085
V,2025-03-31,9594000000.0,4577000000.0,5901000000.0,20762000000.0,92853000000.0,38030000000.0,1897689984,2.4118797267151515,20.040154251032817
V,2025-06-30,10172000000.0,5272000000.0,6689000000.0,25138000000.0,100024000000.0,38664000000.0,1953500032,2.6987457965908033,19.792167579549854
VZ,2023-12-31,,,,,,,4204100096,,
VZ,2024-06-30,32796000000.0,4593000000.0,12215000000.0,172980000000.0,379146000000.0,96172000000.0,4209250048,1.0911682479358376,22.84777547147515
VZ,2024-09-30,33330000000.0,3306000000.0,10432000000.0,174200000000.0,381164000000.0,96326000000.0,4209520128,0.7853626778049699,22.882893315862535
VZ,2024-12-31,35681000000.0,5005000000.0,12718000000.0,168357000000.0,384711000000.0,99237000000.0,4209629952,1.1889406092861248,23.573806042702728
VZ,2025-03-31,33485000000.0,4879000000.0,12682000000.0,167714000000.0,380364000000.0,100722000000.0,4209700096,1.1589899253478793,23.92616996533902
VZ,2025-06-30,34504000000.0,5003000000.0,12883000000.0,169891000000.0,383285000000.0,103063000000.0,4216250112,1.1865994348297333,24.44423297058901
WFC,2023-12-31,,,,,,,3631640064,,
WFC,2024-03-31,,,,,,,3540400128,,
WFC,2024-06-30,20689000000.0,4910000000.0,,192137000000.0,1940073000000.0,176430000000.0,3486320128,1.4083617739420629,50.60636818260655
WFC,2024-09-30,20366000000.0,5114000000.0,,196365000000.0,1922125000000.0,183265000000.0,3403770112,1.5024516438318147,53.841767795627206
WFC,2024-12-31,20378000000.0,5079000000.0,,186649000000.0,1929845000000.0,179120000000.0,3329489920,1.5254588907120044,53.79803042022725
WFC,2025-03-31,20149000000.0,4894000000.0,,188611000000.0,1950311000000.0,181090000000.0,3318919936,1.4745760953481464,54.56293116195256
WFC,2025-06-30,20569000000.0,5494000000.0,,210221000000.0,1981269000000.0,181111000000.0,3254180096,1.6882900878021965,55.65487915761624
WMT,2024-01-31,,,,,,,2692229888,,
WMT,2024-04-30,161508000000.0,5104000000.0,10877000000.0,64463000000.0,254054000000.0,81293000000.0,8059789824,0.6332671336914505,10.086243162064868
WMT,2024-07-31,169335000000.0,4501000000.0,10103000000.0,61305000000.0,254440000000.0,84423000000.0,8043539968,0.5595794908593161,10.495751912200854
WMT,2024-10-31,169588000000.0,4577000000.0,9976000000.0,61749000000.0,263399000000.0,88108000000.0,8038249984,0.5694025452194745,10.96109229936584
WMT,2025-01-31,180554000000.0,5254000000.0,11054000000.0,60114000000.0,260823000000.0,91013000000.0,8033390080,0.6540202763314588,11.329339057814058
WMT,2025-04-30,165609000000.0,4487000000.0,10000000000.0,67205000000.0,262372000000.0,83793000000.0,8000889856,0.5608126196906865,10.472960071705304
XOM,2023-12-31,,,,,,,3996770048,,
XOM,2024-03-31,,,,,,,3967840000,,
XOM,2024-06-30,89986000000.0,9240000000.0,19723000000.0,43186000000.0,460707000000.0,268405000000.0,4485929984,2.0597735660066867,59.83263246580355
XOM,2024-09-30,87792000000.0,8610000000.0,19491000000.0,42550000000.0,461916000000.0,268592000000.0,4442829824,1.9379540385474825,60.4551627318868
XOM,2024-12-31,81058000000.0,7610000000.0,16695000000.0,41710000000.0,453475000000.0,263705000000.0,4395089920,1.731477657685784,59.99991008147565
XOM,2025-03-31,81058000000.0,7713000000.0,17507000000.0,37551000000.0,451908000000.0,262720000000.0,4339140096,1.777541132426253,60.54655857785883
XOM,2025-06-30,79477000000.0,7082000000.0,16951000000.0,38989000000.0,447597000000.0,262593000000.0,4309640192,1.6432926380133406,60.93153681076492
